@book{Filman2005,
	AUTHOR = {Filman, Robert E. AND Clarke, Siobhan AND Elrad, Tzilla},
	YEAR = {2005},
	TITLE = {Aspect-Oriented Software Development},
	ISBN = {978-0-321-21976-3},
	PUBLISHER = {Addison-Wesley}
}

@BOOK{koschke2007survey,
  TITLE = {Survey of Research on Software Clones},
  AUTHOR = {Koschke, Rainer},
  YEAR = {2007}
}

@article{bettenburg2012empirical,
  title={An Empirical Study on Inconsistent Changes to Code Clones at the Release Level},
  author={Bettenburg, Nicolas and Shang, Weiyi and Ibrahim, Walid M and Adams, Bram and Zou, Ying and Hassan, Ahmed E},
  journal={Science of Computer Programming},
  volume={77},
  number={6},
  pages={760--776},
  year={2012},
  publisher={Elsevier}
}

@inproceedings{kim2004ethnographic,
  title={An Ethnographic Study of Copy and Paste Programming Practices in OOPL},
  author={Kim, Miryung and Bergman, Lawrence and Lau, Tessa and Notkin, David},
  booktitle={Empirical Software Engineering, 2004. ISESE'04. Proceedings. 2004 International Symposium on},
  pages={83--92},
  year={2004},
  organization={IEEE}
}

@inproceedings{koschke2013Similarity,
title= {Similarity in Software Artifacts and Its Relation to Code Generation},
author = {Koschke, Rainer},
year = {2013},
month = apr,
note= {Code Generation 2013},
URL= {\url{http://www.infoq.com/presentations/code-cloning}},
}

@inproceedings{monden2002software,
  title={Software Quality Analysis by Code Clones in Industrial Legacy Software},
  author={Monden, Akito and Nakae, Daikai and Kamiya, Toshihiro and Sato, Shin-ichi and Matsumoto, K-i},
  booktitle={Software Metrics, 2002. Proceedings. Eighth IEEE Symposium on},
  pages={87--94},
  year={2002},
  organization={IEEE}
}

@book{chou2001empirical,
  title={An Empirical Study of Operating Systems Errors},
  author={Chou, Andy and Yang, Junfeng and Chelf, Benjamin and Hallem, Seth and Engler, Dawson},
  volume={35},
  number={5},
  year={2001},
  publisher={ACM}
}

@inproceedings{juergens2009code,
  title={Do Code Clones Matter?},
  author={Juergens, Elmar and Deissenboeck, Florian and Hummel, Benjamin and Wagner, Stefan},
  booktitle={Proceedings of the 31st International Conference on Software Engineering},
  pages={485--495},
  year={2009},
  organization={IEEE Computer Society}
}

@inproceedings{balazinska2000advanced,
  title={Advanced clone-analysis to support object-oriented system refactoring},
  author={Balazinska, Magdalena and Merlo, Ettore and Dagenais, Michel and Lague, Bruno and Kontogiannis, Kostas},
  booktitle={Reverse Engineering, 2000. Proceedings. Seventh Working Conference on},
  pages={98--107},
  year={2000},
  organization={IEEE}
}

@misc{XVCL,
  title = {{\textsc{Xml}}-Based Variant Configuration Language},
  howpublished = {\url{http://xvcl.comp.nus.edu.sg/cms/}},
  note = {Abgerufen: 12. Juni 2014},
  author = {National University of Singapore}
}

@article{fanta1999removing,
  title={Removing clones from the code},
  author={Fanta, Richard and Rajlich, V{\'a}clav},
  journal={Journal of Software Maintenance},
  volume={11},
  number={4},
  pages={223--243},
  year={1999},
  publisher={Chichester, Sussex, England: Wiley, c1989-c2000.}
}

@inproceedings{baker1995finding,
  title={On finding duplication and near-duplication in large software systems},
  author={Baker, Brenda S},
  booktitle={Reverse Engineering, 1995., Proceedings of 2nd Working Conference on},
  pages={86--95},
  year={1995},
  organization={IEEE}
}

@article{deissenboeck2008tool,
  title={Tool support for continuous quality control},
  author={Deissenboeck, Florian and Juergens, Elmar and Hummel, Benjamin and Wagner, Stefan and Mas y Parareda, Benedikt and Pizka, Markus},
  journal={Software, IEEE},
  volume={25},
  number={5},
  pages={60--67},
  year={2008},
  publisher={IEEE}
}
